<?xml version="1.0" encoding="UTF-8"?><collection xmlns="http://www.loc.gov/MARC21/slim"><record><leader>00486nam--2200181-u-4500</leader><controlfield tag="001">000054054</controlfield><controlfield tag="002">20161230</controlfield><controlfield tag="005">20161230201051</controlfield><controlfield tag="008">110801s1000------------r-----000-0-rus-d</controlfield><datafield ind1=" " ind2=" " tag="040"><subfield code="a">IFIN-HH</subfield></datafield><datafield ind1=" " ind2=" " tag="041"><subfield code="a">rus</subfield></datafield><datafield ind1=" " ind2=" " tag="080"><subfield code="a">537.222.22(083.4)</subfield></datafield><datafield ind1="1" ind2=" " tag="100"><subfield code="a">Griaznov, O.S</subfield></datafield><datafield ind1="1" ind2="0" tag="245"><subfield code="a">Tabliti dlia rasceta kineticeskih koeffitientov v poluprovodnikah</subfield><subfield code="c">O.s. griaznov</subfield></datafield><datafield ind1=" " ind2=" " tag="260"><subfield code="a">Leningrad</subfield><subfield code="b">Nauka</subfield><subfield code="c">1971</subfield></datafield><datafield ind1=" " ind2=" " tag="300"><subfield code="a">63.P</subfield></datafield><datafield ind1=" " ind2=" " tag="852"><subfield code="a">75190</subfield><subfield code="c">537.311.33</subfield></datafield><datafield ind1=" " ind2=" " tag="CAT"><subfield code="a">Sys</subfield><subfield code="c">20110801</subfield><subfield code="h">093546</subfield></datafield></record></collection>